%% This BibTeX bibliography file was created using BibDesk.
%% http://bibdesk.sourceforge.net/


%% Created for Robrecht Conjaerts at 2015-05-30 10:48:55 +0200 


%% Saved with string encoding Unicode (UTF-8) 

@inproceedings{huang2005reinforcement,
  title={Reinforcement learning neural network to the problem of autonomous mobile robot obstacle avoidance},
  author={Huang, Bing-Qiang and Cao, Guang-Yi and Guo, Min},
  booktitle={Machine Learning and Cybernetics, 2005. Proceedings of 2005 International Conference on},
  volume={1},
  pages={85--89},
  year={2005},
  organization={IEEE}
}

@book{miller1995neural,
  title={Neural networks for control},
  author={Miller, W Thomas and Werbos, Paul J and Sutton, Richard S},
  year={1995},
  publisher={MIT press}
}

@incollection{riedmiller2005neural,
  title={Neural fitted Q iteration--first experiences with a data efficient neural reinforcement learning method},
  author={Riedmiller, Martin},
  booktitle={Machine Learning: ECML 2005},
  pages={317--328},
  year={2005},
  publisher={Springer}
}

@online{underflow,
author = {Underflow},
title = {reinforcement-2048},
year = {2014},
url = {https://github.com/Underflow/reinforcement-2048},
}

@online{ov3y,
author = {ov3y},
title = {{2048-AI}},
year = {2015},
url = {https://github.com/ov3y/2048-AI},
}

@online{nneo,
author = {nneonneo},
title = {2048-ai},
year = {2015},
url = {https://github.com/nneonneo/2048-ai},
}

@book{howard1960mdp,
	Address = {Cambridge, Massachusetts},
	Author = {Howard, Ronald A.},
	Date-Added = {2015-05-28 19:58:40 +0000},
	Date-Modified = {2015-05-28 19:58:40 +0000},
	Publisher = {MIT\~{}Press},
	Title = {{Dynamic Programming and Markov Processes}},
	Year = {1960}}

@misc{appstores,
	Author = {Ariel},
	Date-Added = {2015-05-28 19:02:14 +0000},
	Date-Modified = {2015-05-28 20:14:04 +0000},
	Howpublished = {Webpage},
	Month = {January},
	Title = {App Stores Growth Accelerates in 2014},
	Year = {2015},
	Bdsk-Url-1 = {http://blog.appfigures.com/app-stores-growth-accelerates-in-2014/}}

@misc{2048,
	Author = {digiplex.in},
	Date-Added = {2015-05-28 18:44:40 +0000},
	Date-Modified = {2015-05-28 18:46:45 +0000},
	Howpublished = {Digital},
	Month = {December},
	Title = {2048},
	Year = {2014}}

@book{sutton1998rl,
	Address = {Cambridge, MA, USA},
	Author = {Sutton, Richard S. and Barto, Andrew G.},
	Date-Added = {2015-05-26 15:54:49 +0000},
	Date-Modified = {2015-05-26 15:54:49 +0000},
	Edition = {1st},
	Isbn = {0262193981},
	Publisher = {MIT Press},
	Title = {Introduction to Reinforcement Learning},
	Year = {1998}}
