@INPROCEEDINGS{dominic1991ann,
author={Dominic, S. and Das, R. and Whitley, D. and Anderson, C.},
booktitle={Neural Networks, 1991., IJCNN-91-Seattle International Joint Conference on},
title={Genetic reinforcement learning for neural networks},
year={1991},
month={Jul},
volume={ii},
pages={71-76 vol.2},
doi={10.1109/IJCNN.1991.155315},}