@article{hoskins1992ann,
title = "Process control via artificial neural networks and reinforcement learning ",
journal = "Computers & Chemical Engineering ",
volume = "16",
number = "4",
pages = "241 - 251",
year = "1992",
note = "Neutral network applications in chemical engineering ",
issn = "0098-1354",
doi = "http://dx.doi.org/10.1016/0098-1354(92)80045-B",
url = "http://www.sciencedirect.com/science/article/pii/009813549280045B",
author = "J.C. Hoskins and D.M. Himmelblau"
}

