@book{howard1960mdp,
    address = {Cambridge, Massachusetts},
    author = {Howard, Ronald A.},
    publisher = {MIT\~{}Press},
    title = {{Dynamic Programming and Markov Processes}},
    year = {1960}
}