@incollection{wang2005ann,
year={2005},
isbn={978-3-540-25912-1},
booktitle={Advances in Neural Networks â€“ ISNN 2005},
volume={3496},
series={Lecture Notes in Computer Science},
editor={Wang, Jun and Liao, Xiaofeng and Yi, Zhang},
doi={10.1007/11427391_99},
title={Applying Neural Network to Reinforcement Learning in Continuous Spaces},
url={http://dx.doi.org/10.1007/11427391_99},
publisher={Springer Berlin Heidelberg},
author={Wang, Dongli and Gao, Yang and Yang, Pei},
pages={621-626},
language={English}
}
